@article{barrell1976overlapping,
  title={Overlapping genes in bacteriophage $\varphi$X174},
  author={Barrell, Bart G and Air, GM and Hutchison III, CA},
  journal={Nature},
  volume={264},
  number={5581},
  pages={34},
  year={1976},
  publisher={Nature Publishing Group}
}

@article{normark1983overlapping,
  title={Overlapping genes},
  author={Normark, Staffan and Bergstr{\"o}m, Sven and Edlund, Thomas and Grundstr{\"o}m, Thomas and Jaurin, Bengtake and Lindberg, Frederik P and Olsson, Olof},
  journal={Annual review of genetics},
  volume={17},
  number={1},
  pages={499--525},
  year={1983},
  publisher={Annual Reviews 4139 El Camino Way, PO Box 10139, Palo Alto, CA 94303-0139, USA}
}

@article{godson1978nucleotide,
  title={Nucleotide sequence of bacteriophage G4 DNA},
  author={Godson, GN and Barrell, BG and Staden, R and Fiddes, JC},
  journal={Nature},
  volume={276},
  number={5685},
  pages={236},
  year={1978},
  publisher={Nature Publishing Group}
}


@article{johnson2004properties,
  title={Properties of overlapping genes are conserved across microbial genomes},
  author={Johnson, Zackary I and Chisholm, Sallie W},
  journal={Genome research},
  volume={14},
  number={11},
  pages={2268--2272},
  year={2004},
  publisher={Cold Spring Harbor Lab}
}

@article{fukuda2003dynamics,
  title={On dynamics of overlapping genes in bacterial genomes},
  author={Fukuda, Yoko and Nakayama, Yoichi and Tomita, Masaru},
  journal={Gene},
  volume={323},
  pages={181--187},
  year={2003},
  publisher={Elsevier}
}

@article{palleja2008large,
  title={Large gene overlaps in prokaryotic genomes: result of functional constraints or mispredictions?},
  author={Pallej{\`a}, Albert and Harrington, Eoghan D and Bork, Peer},
  journal={BMC genomics},
  volume={9},
  number={1},
  pages={335},
  year={2008},
  publisher={BioMed Central}
}

@article{emi1988overlapping,
  title={Overlapping two genes in human DNA: a salivary amylase gene overlaps with a gamma-actin pseudogene that carries an integrated human endogenous retroviral DNA},
  author={Emi, Mitsuru and Horii, Akira and Tomita, Naohiro and Nishide, Takahiro and Ogawa, Michio and Mori, Takesada and Matsubar, Kenichi},
  journal={Gene},
  volume={62},
  number={2},
  pages={229--235},
  year={1988},
  publisher={Elsevier}
}

@article{nakayama2007overlapping,
  title={Overlapping of genes in the human genome},
  author={Nakayama, Tomohiro and Asai, Satoshi and Takahashi, Yasuo and Maekawa, Oto and Kasama, Yasuji},
  journal={International journal of biomedical science: IJBS},
  volume={3},
  number={1},
  pages={14},
  year={2007},
  publisher={Master Publishing Group}
}

@article{dan2002overlapping,
  title={Overlapping of MINK and CHRNE gene loci in the course of mammalian evolution},
  author={Dan, Ippeita and Watanabe, Norinobu M and Kajikawa, Eriko and Ishida, Takafumi and Pandey, Akhilesh and Kusumi, Akihiro},
  journal={Nucleic acids research},
  volume={30},
  number={13},
  pages={2906--2910},
  year={2002},
  publisher={Oxford University Press}
}

@article{veeramachaneni2004mammalian,
  title={Mammalian overlapping genes: the comparative perspective},
  author={Veeramachaneni, Vamsi and Makalowski, Wojciech and Galdzicki, Michal and Sood, Raman and Makalowska, Izabela},
  journal={Genome research},
  volume={14},
  number={2},
  pages={280--286},
  year={2004},
  publisher={Cold Spring Harbor Lab}
}

@article{makalowska2005overlapping,
  title={Overlapping genes in vertebrate genomes},
  author={Makalowska, Izabela and Lin, Chiao-Feng and Makalowski, Wojciech},
  journal={Computational biology and chemistry},
  volume={29},
  number={1},
  pages={1--12},
  year={2005},
  publisher={Elsevier}
}

@article{spencer1986overlapping,
  title={Overlapping transcription units in the dopa decarboxylase region of Drosophila},
  author={Spencer, Charlotte A and Gietz, R Daniel and Hodgetts, Ross B},
  journal={Nature},
  volume={322},
  number={6076},
  pages={279},
  year={1986},
  publisher={Nature Publishing Group}
}

@article{williams1986mouse,
  title={A mouse locus at which transcription from both DNA strands produces mRNAs complementary at their 3â€² ends},
  author={Williams, Trevor and Fried, Mike},
  journal={Nature},
  volume={322},
  number={6076},
  pages={275},
  year={1986},
  publisher={Nature Publishing Group}
}

@article{lamb1991diversity,
  title={Diversity of coding strategies in influenza viruses},
  author={Lamb, Robert A and Horvath, Curt M},
  journal={Trends in Genetics},
  volume={7},
  number={8},
  pages={261--266},
  year={1991},
  publisher={Elsevier}
}

@article{pavesi1997informational,
  title={On the informational content of overlapping genes in prokaryotic and eukaryotic viruses},
  author={Pavesi, Angelo and De Iaco, Bettina and Granero, Maria Ilde and Porati, Alfredo},
  journal={Journal of molecular evolution},
  volume={44},
  number={6},
  pages={625--631},
  year={1997},
  publisher={Springer}
}

@article{belshaw2008pacing,
  title={Pacing a small cage: mutation and RNA viruses},
  author={Belshaw, Robert and Gardner, Andy and Rambaut, Andrew and Pybus, Oliver G},
  journal={Trends in ecology \& evolution},
  volume={23},
  number={4},
  pages={188--193},
  year={2008},
  publisher={Elsevier}
}

@article{brandes2016gene,
  title={Gene overlapping and size constraints in the viral world},
  author={Brandes, Nadav and Linial, Michal},
  journal={Biology direct},
  volume={11},
  number={1},
  pages={26},
  year={2016},
  publisher={BioMed Central}
}

@article{kapranov2007genome,
  title={Genome-wide transcription and the implications for genomic organization},
  author={Kapranov, Philipp and Willingham, Aarron T and Gingeras, Thomas R},
  journal={Nature Reviews Genetics},
  volume={8},
  number={6},
  pages={413},
  year={2007},
  publisher={Nature Publishing Group}
}

@article{schlub2018simple,
  title={A simple method to detect candidate overlapping genes in viruses using single genome sequences},
  author={Schlub, Timothy E and Buchmann, Jan P and Holmes, Edward C},
  journal={Molecular Biology and Evolution},
  volume={35},
  number={10},
  pages={2572--2581},
  year={2018},
  publisher={Oxford University Press}
}

@article{firth2006detecting,
  title={Detecting overlapping coding sequences in virus genomes},
  author={Firth, Andrew E and Brown, Chris M},
  journal={BMC bioinformatics},
  volume={7},
  number={1},
  pages={75},
  year={2006},
  publisher={BioMed Central}
}

@article{sabath2010detection,
  title={Detection of functional overlapping genes: simulation and case studies},
  author={Sabath, Niv and Graur, Dan},
  journal={Journal of molecular evolution},
  volume={71},
  number={4},
  pages={308--316},
  year={2010},
  publisher={Springer}
}

@article{keese1992origins,
  title={Origins of genes:" big bang" or continuous creation?},
  author={Keese, Paul K and Gibbs, Adrian},
  journal={Proceedings of the National Academy of Sciences},
  volume={89},
  number={20},
  pages={9489--9493},
  year={1992},
  publisher={National Acad Sciences}
}

@book{grasse2013evolution,
  title={Evolution of living organisms: evidence for a new theory of transformation},
  author={Grass{\'e}, Pierre-P},
  year={1977},
  publisher={Academic Press}
}

@article{friesen1985temporal,
  title={Temporal regulation of baculovirus RNA: overlapping early and late transcripts.},
  author={Friesen, PAUL D and Miller, LOIS K},
  journal={Journal of virology},
  volume={54},
  number={2},
  pages={392--400},
  year={1985},
  publisher={Am Soc Microbiol}
}

@article{buchman1984complex,
  title={Complex regulation of simian virus 40 early-region transcription from different overlapping promoters.},
  author={Buchman, AR and Fromm, M and Berg, P},
  journal={Molecular and cellular biology},
  volume={4},
  number={9},
  pages={1900--1914},
  year={1984},
  publisher={Am Soc Microbiol}
}

@article{scherbakov2000overlapping,
  title={Overlapping genes in bacterial and phage genomes},
  author={Scherbakov, Dmitry V and Garber, Maria B},
  journal={Molecular Biology},
  volume={34},
  number={4},
  pages={485--495},
  year={2000},
  publisher={Springer}
}

@article{willis2018gene,
  title={Gene birth contributes to structural disorder encoded by overlapping genes},
  author={Willis, Sara and Masel, Joanna},
  journal={Genetics},
  volume={210},
  number={1},
  pages={303--313},
  year={2018},
  publisher={Genetics Soc America}
}


@article{johnson2004properties,
  title={Properties of overlapping genes are conserved across microbial genomes},
  author={Johnson, Zackary I and Chisholm, Sallie W},
  journal={Genome research},
  volume={14},
  number={11},
  pages={2268--2272},
  year={2004},
  publisher={Cold Spring Harbor Lab}
}

@article{cock2007evolution,
  title={Evolution of gene overlaps: relative reading frame bias in prokaryotic two-component system genes},
  author={Cock, Peter JA and Whitworth, David E},
  journal={Journal of molecular evolution},
  volume={64},
  number={4},
  pages={457--462},
  year={2007},
  publisher={Springer}
}

@article{lebre2017combinatorics,
  title={The combinatorics of overlapping genes},
  author={L{\`e}bre, Sophie and Gascuel, Olivier},
  journal={Journal of theoretical biology},
  volume={415},
  pages={90--101},
  year={2017},
  publisher={Elsevier}
}

@article{legendre2018diversity,
  title={Diversity and evolution of the emerging Pandoraviridae family},
  author={Legendre, Matthieu and Fabre, Elisabeth and Poirot, Olivier and Jeudy, Sandra and Lartigue, Audrey and Alempic, Jean-Marie and Beucher, Laure and Philippe, Nad{\`e}ge and Bertaux, Lionel and Christo-Foroux, Eug{\`e}ne and others},
  journal={Nature communications},
  volume={9},
  number={1},
  pages={1--12},
  year={2018},
  publisher={Nature Publishing Group}
}

@Article{Hunter:2007,
  Author    = {Hunter, J. D.},
  Title     = {Matplotlib: A 2D graphics environment},
  Journal   = {Computing in Science \& Engineering},
  Volume    = {9},
  Number    = {3},
  Pages     = {90--95},
  abstract  = {Matplotlib is a 2D graphics package used for Python for
  application development, interactive scripting, and publication-quality
  image generation across user interfaces and operating systems.},
  publisher = {IEEE COMPUTER SOC},
  doi       = {10.1109/MCSE.2007.55},
  year      = 2007
}
